
<record>
  <controlfield tag="001">700378</controlfield>
  <datafield tag="245" ind1=" " ind2=" ">
    <subfield code="a">Acceptance Tests and Criteria of the ATLAS Transition Radiation Tracker</subfield>
  </datafield>
  <datafield tag="024" ind1="7" ind2=" ">
    <subfield code="a">10.1109/TNS.2005.862799</subfield>
    <subfield code="2">DOI</subfield>
  </datafield>
  <datafield tag="035" ind1=" " ind2=" ">
    <subfield code="a">Cwetanski:2005ud</subfield>
    <subfield code="9">SPIRESTeX</subfield>
  </datafield>
</record>